<collection xmlns="http://www.loc.gov/MARC21/slim"><record><leader>00764nam  2200217   450</leader><controlfield tag="001">1005</controlfield><controlfield tag="003">http://montalegre.opacnet.com/OPAC/default.aspx?ContentAreaControl=ShowRegHoldings.ascx&amp;RegNo=16662</controlfield><datafield tag="100" ind1=" " ind2=" "><subfield code="a">20070502d1981    m  y0pory010305  ba</subfield></datafield><datafield tag="101" ind1="1" ind2=" "><subfield code="a">por</subfield><subfield code="c">spa</subfield></datafield><datafield tag="102" ind1=" " ind2=" "><subfield code="a">PT</subfield></datafield><datafield tag="200" ind1="1" ind2=" "><subfield code="a">&lt;O &gt;estaleiro</subfield><subfield code="f">Juan Carlo Onetti</subfield><subfield code="g">trad. Emanuel Godinho</subfield></datafield><datafield tag="210" ind1=" " ind2=" "><subfield code="a">Lisboa</subfield><subfield code="c">Edições 70</subfield><subfield code="d">imp. 1981</subfield></datafield><datafield tag="215" ind1=" " ind2=" "><subfield code="a">181, [2] p.</subfield><subfield code="d">21 cm</subfield></datafield><datafield tag="225" ind1="2" ind2=" "><subfield code="a">Vozes da América Latina</subfield><subfield code="v">8</subfield></datafield><datafield tag="304" ind1=" " ind2=" "><subfield code="a">Tít. orig. El astilellrero</subfield></datafield><datafield tag="675" ind1=" " ind2=" "><subfield code="a">821</subfield><subfield code="v">BN</subfield><subfield code="z">por</subfield></datafield><datafield tag="700" ind1=" " ind2="1"><subfield code="a">Onetti</subfield><subfield code="b">Juan Carlos</subfield><subfield code="f">1910-1994</subfield></datafield><datafield tag="702" ind1=" " ind2="1"><subfield code="a">Godinho</subfield><subfield code="b">Emanuel</subfield><subfield code="4">730</subfield></datafield><datafield tag="801" ind1=" " ind2="0"><subfield code="a">PT</subfield><subfield code="b">Biblioteca Municipal de Montalegre</subfield><subfield code="g">RPC</subfield></datafield><datafield tag="856" ind1=" " ind2=" "><subfield code="u">locateMedia.asp?cod=20060705171315&amp;ext=jpg</subfield><subfield code="z">CAPA</subfield></datafield><datafield tag="909" ind1="&#9;" ind2=" "><subfield code="a">2</subfield></datafield><datafield tag="966" ind1=" " ind2=" "><subfield code="a">0008834</subfield><subfield code="l">BMM</subfield><subfield code="s">SCG 821.134.2(7/8) ONE est 8</subfield></datafield><datafield tag="966" ind1=" " ind2=" "><subfield code="a">0009289</subfield><subfield code="l">BMM</subfield><subfield code="s">SCG 821.134.2(7/8) ONE est 8</subfield></datafield></record></collection>